
@article{baele_et_al_2012,
  title={Accurate model selection of relaxed molecular clocks in Bayesian phylogenetics},
  author={Baele, Guy and Li, Wai Lok Sibon and Drummond, Alexei J and Suchard, Marc A and Lemey, Philippe},
  journal={Molecular biology and evolution},
  volume={30},
  number={2},
  pages={239--243},
  year={2012},
  publisher={Society for Molecular Biology and Evolution}
}

@article{babette,
  title={babette: BEAUti 2, BEAST 2 and Tracer for R},
  author={Bilderbeek, Richel JC and Etienne, Rampal S},
  journal={Methods in Ecology and Evolution},
  year={2018},
  publisher={Wiley Online Library}
}

@article{raket_article,
  title={The error in Bayesian phylogenetic reconstruction when speciation is not instantaneous},
  author={Bilderbeek, Richel JC and Etienne, Rampal S},
  journal={Molecular Phylogenetics and Evolution (target)},
  year={2018}
}

@article{beast,
  title={BEAST: Bayesian evolutionary analysis by sampling trees},
  author={Drummond, Alexei J and Rambaut, Andrew},
  journal={BMC evolutionary biology},
  volume={7},
  number={1},
  pages={214},
  year={2007},
  publisher={BioMed Central}
}

@article{beast2,
  title={BEAST 2: a software platform for Bayesian evolutionary analysis},
  author={Bouckaert, Remco and Heled, Joseph and K{\"u}hnert, Denise and Vaughan, Tim and Wu, Chieh-Hsi and Xie, Dong and Suchard, Marc A and Rambaut, Andrew and Drummond, Alexei J},
  journal={PLoS computational biology},
  volume={10},
  number={4},
  pages={e1003537},
  year={2014},
  publisher={Public Library of Science}
}

@article{etienne2011diversity,
  title={Diversity-dependence brings molecular phylogenies closer to agreement with the fossil record},
  author={Etienne, Rampal S and Haegeman, Bart and Stadler, Tanja and Aze, Tracy and Pearson, Paul N and Purvis, Andy and Phillimore, Albert B},
  journal={Proceedings of the Royal Society of London B: Biological Sciences},
  pages={rspb20111439},
  year={2011},
  publisher={The Royal Society}
}

@article{etienne2011,
  author    = {Etienne, Rampal S and Rosindell, James},
  title     = {Prolonging the past counteracts the pull of the present: protracted speciation can explain observed slowdowns in diversification},
  journal   = {Syst. Biol.},
  year      = {2011},
  volume    = {61},
  number    = {2},
  pages     = {204--213}
}

@article{etienne2012diversity,
  author    = {Etienne, Rampal S and Haegeman, Bart and Stadler, Tanja and Aze, Tracy and Pearson, Paul N and Purvis, Andy and Phillimore, Albert B},
  title     = {Diversity-dependence brings molecular phylogenies closer to agreement with the fossil record},
  journal   = {Proc. R. Soc. Lond. B: Biol. Sci.},
  year      = {2012},
  volume    = {279},
  number    = {1732},
  pages     = {1300--1309}
}

@article{etienne_and_rosindell_2012,
  title={Prolonging the past counteracts the pull of the present: protracted speciation can explain observed slowdowns in diversification},
  author={Etienne, Rampal S and Rosindell, James},
  journal={Systematic Biology},
  volume={61},
  number={2},
  pages={204--213},
  year={2012},
  publisher={Oxford University Press}
}

@article{etienne2014estimating,
  title={Estimating the duration of speciation from phylogenies},
  author={Etienne, Rampal S and Morlon, H{\'e}l{\`e}ne and Lambert, Amaury},
  journal={Evolution},
  volume={68},
  number={8},
  pages={2430--2440},
  year={2014},
  publisher={Wiley Online Library}
}

@article{felsenstein1981,
  title={Evolutionary trees from DNA sequences: a maximum likelihood approach},
  author={Felsenstein, Joseph},
  journal={Journal of molecular evolution},
  volume={17},
  number={6},
  pages={368--376},
  year={1981},
  publisher={Springer}
}

@article{fennessy2016,
  title={Multi-locus Analyses Reveal Four Giraffe Species Instead of One},
  author={Fennessy, Julian and Bidon, Tobias and Reuss, Friederike and Kumar, Vikas and Elkan, Paul and Nilsson, Maria A and Vamberger, Melita and Fritz, Uwe and Janke, Axel},
  journal={Current Biology},
  year={2016},
  publisher={Elsevier}
}

@article{fitzjohn2009estimating,
  title={Estimating trait-dependent speciation and extinction rates from incompletely resolved phylogenies},
  author={FitzJohn, Richard G and Maddison, Wayne P and Otto, Sarah P},
  journal={Systematic biology},
  volume={58},
  number={6},
  pages={595--611},
  year={2009},
  publisher={Oxford University Press}
}

@article{funk2003species,
  title={Species-level paraphyly and polyphyly: frequency, causes, and consequences, with insights from animal mitochondrial DNA},
  author={Funk, Daniel J and Omland, Kevin E},
  journal={Annual Review of Ecology, Evolution, and Systematics},
  volume={34},
  number={1},
  pages={397--423},
  year={2003},
  publisher={Annual Reviews 4139 El Camino Way, PO Box 10139, Palo Alto, CA 94303-0139, USA}
}

@article{gtr,
  title={Some probabilistic and statistical problems in the analysis of DNA sequences},
  author={Tavar{\'e}, Simon},
  journal={Lectures on mathematics in the life sciences},
  volume={17},
  number={2},
  pages={57--86},
  year={1986}
}

@article{gorgolewski2016practical,
  title={A practical guide for improving transparency and reproducibility in neuroimaging research},
  author={Gorgolewski, Krzysztof J and Poldrack, Russell},
  journal={bioRxiv},
  pages={039354},
  year={2016},
  publisher={Cold Spring Harbor Labs Journals}
}

@book{mackay2003information,
  title={Information theory, inference and learning algorithms},
  author={MacKay, David JC and Mac Kay, David JC},
  year={2003},
  publisher={Cambridge university press}
}

@article{maturana2018,
  author = {Russel, Patricio Maturana and Brewer, Brendon J and Klaere, Steffen and Bouckaert, Remco R},
  title = {Model Selection and Parameter Inference in Phylogenetics Using Nested Sampling},
  journal = {Systematic Biology},
  volume = {},
  number = {},
  pages = {syy050},
  year = {2018},
  doi = {10.1093/sysbio/syy050},
  URL = {http://dx.doi.org/10.1093/sysbio/syy050},
  eprint = {/oup/backfile/content_public/journal/sysbio/pap/10.1093_sysbio_syy050/3/syy050.pdf}
}

@article{skilling2006nested,
  title={Nested sampling for general Bayesian computation},
  author={Skilling, John and others},
  journal={Bayesian analysis},
  volume={1},
  number={4},
  pages={833--859},
  year={2006},
  publisher={International Society for Bayesian Analysis}
}

@Article{testthat,
    author = {Hadley Wickham},
    title = {testthat: Get Started with Testing},
    journal = {The R Journal},
    year = {2011},
    volume = {3},
    pages = {5--10},
    url = {http://journal.r-project.org/archive/2011-1/RJournal_2011-1_Wickham.pdf},
  }

@Article{GEIGER,
  title = {GEIGER: investigating evolutionary radiations},
  author = {LJ Harmon and JT Weir and CD Brock and RE Glor and W Challenger},
  journal = {Bioinformatics},
  year = {2008},
  volume = {24},
  pages = {129-131},
}

@article{heled_and_drummond_2009,
  title={Bayesian inference of species trees from multilocus data},
  author={Heled, Joseph and Drummond, Alexei J},
  journal={Molecular biology and evolution},
  volume={27},
  number={3},
  pages={570--580},
  year={2009},
  publisher={Society for Molecular Biology and Evolution}
}

@article{heled2010bayesian,
  title={Bayesian inference of species trees from multilocus data},
  author={Heled, Joseph and Drummond, Alexei J},
  journal={Molecular biology and evolution},
  volume={27},
  number={3},
  pages={570--580},
  year={2010},
  publisher={SMBE}
}

@Article{Hoehna2013,
  author    = {Sebastian HÃ¶hna},
  title     = {Fast simulation of reconstructed phylogenies under global time-dependent birth{\textendash}death processes},
  journal   = {Bioinformatics},
  year      = {2013},
  volume    = {29},
  number    = {11},
  pages     = {1367--1374},
  month     = {mar},
  doi       = {10.1093/bioinformatics/btt153},
  owner     = {P274829},
  publisher = {Oxford University Press ({OUP})},
  timestamp = {2018.10.12},
}

@article{revbayes,
  title={RevBayes: Bayesian phylogenetic inference using graphical models and an interactive model-specification language},
  author={H{\"o}hna, Sebastian and Landis, Michael J and Heath, Tracy A and Boussau, Bastien and Lartillot, Nicolas and Moore, Brian R and Huelsenbeck, John P and Ronquist, Fredrik},
  journal={Systematic biology},
  volume={65},
  number={4},
  pages={726--736},
  year={2016},
  publisher={Oxford University Press}
}

@article{janzen2015,
  title={Approximate Bayesian computation of diversification rates from molecular phylogenies: introducing a new efficient summary statistic, the nLTT},
  author={Janzen, Thijs and H{\"o}hna, Sebastian and Etienne, Rampal S},
  journal={Methods in Ecology and Evolution},
  volume={6},
  number={5},
  pages={566--575},
  year={2015},
  publisher={Wiley Online Library}
}

@article{janzen2016,
  title={Stochastic processes dominate community assembly in cichlid communities in Lake Tanganyika},
  author={Janzen, Thijs and Alzate, Adriana and Muschick, Moritz and van der Plas, Fons and Etienne, Rampal S},
  journal={bioRxiv},
  pages={039503},
  year={2016},
  publisher={Cold Spring Harbor Laboratory}
}

@Article{janzen2017,
  author    = {Thijs Janzen and Adriana Alzate and Moritz Muschick and Martine E. Maan and Fons van der Plas and Rampal S. Etienne},
  title     = {Community assembly in Lake Tanganyika cichlid fish: quantifying the contributions of both niche-based and neutral processes},
  journal   = {Ecology and Evolution},
  year      = {2017},
  volume    = {7},
  number    = {4},
  pages     = {1057--1067},
  month     = {jan},
  doi       = {10.1002/ece3.2689},
  owner     = {P274829},
  publisher = {Wiley},
  timestamp = {2018.09.27},
}

@article{jc69,
  title={Evolution of protein molecules},
  author={Jukes, Thomas H and Cantor, Charles R and others},
  journal={Mammalian protein metabolism},
  volume={3},
  number={21},
  pages={132},
  year={1969},
  publisher={New York}
}

@article{kendall1948generalized,
  title={On the generalized" birth-and-death" process},
  author={Kendall, David G},
  journal={The annals of mathematical statistics},
  pages={1--15},
  year={1948},
  publisher={JSTOR}
}

@article{lambert_et_al_2015,
  title={The reconstructed tree in the lineage-based model of protracted speciation},
  author={Lambert, Amaury and Morlon, H{\'e}l{\`e}ne and Etienne, Rampal S},
  journal={Journal of mathematical biology},
  volume={70},
  number={1-2},
  pages={367--397},
  year={2015},
  publisher={Springer}
}

@Article{Maddison2007biSSE,
  author    = {Wayne P. Maddison and Peter E. Midford and Sarah P. Otto},
  title     = {Estimating a Binary Character's Effect on Speciation and Extinction},
  journal   = {Systematic Biology},
  year      = {2007},
  volume    = {56},
  number    = {5},
  pages     = {701--710},
  month     = {oct},
  doi       = {10.1080/10635150701607033},
  editor    = {Todd Oakley},
  owner     = {P274829},
  publisher = {Oxford University Press ({OUP})},
  timestamp = {2018.01.31},
}

@Manual{mbd,
  title = {MBD: Multiple Birth Death Diversification},
  author = {Giovanni Laudanno},
  year = {2018},
  note = {R package version 0.1},
}

@article{moller2018,
  title={Impact of the tree prior on estimating clock rates during epidemic outbreaks},
  author={M{\"o}ller, Simon and du Plessis, Louis and Stadler, Tanja},
  journal={Proceedings of the National Academy of Sciences},
  pages={201713314},
  year={2018},
  publisher={National Acad Sciences}
}

@article{mrbayes,
  title={MRBAYES: Bayesian inference of phylogenetic trees},
  author={Huelsenbeck, John P and Ronquist, Fredrik},
  journal={Bioinformatics},
  volume={17},
  number={8},
  pages={754--755},
  year={2001},
  publisher={Oxford University Press}
}

@article{nee1994,
  author    = {{Nee S., May R. M. \& Harvey P. H.}},
  title     = {The reconstructed evolutionary process},
  journal   = {Phil. Trans. R. Soc. Lond. B},
  volume    = {344},
  pages     = {305--311},
  number    = {1309},
  year      = {1994}
}

@article{nee1994reconstructed,
  title={The reconstructed evolutionary process},
  author={Nee, Sean and May, Robert M and Harvey, Paul H},
  journal={Philosophical Transactions of the Royal Society B: Biological Sciences},
  volume={344},
  number={1309},
  pages={305--311},
  year={1994},
  publisher={The Royal Society}
}

@article{pagel1999inferring,
  title={Inferring the historical patterns of biological evolution},
  author={Pagel, Mark},
  journal={Nature},
  volume={401},
  number={6756},
  pages={877},
  year={1999},
  publisher={Nature Publishing Group}
}

@article{pagel2007bayesphylogenies,
  title={BayesPhylogenies 1.0},
  author={Pagel, M and Meade, A},
  journal={Software distributed by the authors},
  year={2007}
}

@Article{APE,
  title = {A{PE}: analyses of phylogenetics and evolution in {R} language},
  author = {E. Paradis and J. Claude and K. Strimmer},
  journal = {Bioinformatics},
  year = {2004},
  volume = {20},
  pages = {289-290},
}

@article{perez2016ten,
  title={Ten Simple Rules for Taking Advantage of git and GitHub},
  author={Perez-Riverol, Yasset and Gatto, Laurent and Wang, Rui and Sachsenberg, Timo and Uszkoreit, Julian and Leprevost, Felipe and Fufezan, Christian and Ternent, Tobias and Eglen, Stephen J and Katz, Daniel SS and others},
  journal={bioRxiv},
  pages={048744},
  year={2016},
  publisher={Cold Spring Harbor Labs Journals}
}

@article{pigot2010shape,
  title={The shape and temporal dynamics of phylogenetic trees arising from geographic speciation},
  author={Pigot, Alex L and Phillimore, Albert B and Owens, Ian PF and Orme, C David L},
  journal={Systematic biology},
  volume={59},
  number={6},
  pages={660--673},
  year={2010},
  publisher={Oxford University Press}
}

@article{posada_and_buckley_2004,
  title={Model selection and model averaging in phylogenetics: advantages of Akaike information criterion and Bayesian approaches over likelihood ratio tests},
  author={Posada, David and Buckley, Thomas R},
  journal={Systematic biology},
  volume={53},
  number={5},
  pages={793--808},
  year={2004},
  publisher={Society of Systematic Zoology}
}

@article{rabosky2008explosive,
  title={Explosive evolutionary radiations: decreasing speciation or increasing extinction through time?},
  author={Rabosky, Daniel L and Lovette, Irby J},
  journal={Evolution},
  volume={62},
  number={8},
  pages={1866--1875},
  year={2008},
  publisher={Wiley Online Library}
}

@Article{phangorn,
  title = {phangorn: phylogenetic analysis in R},
  author = {K.P. Schliep},
  journal = {Bioinformatics},
  year = {2011},
  volume = {27},
  number = {4},
  pages = {592--593},
}

@Manual{pirouette,
  title = {pirouette: create a posterior from a phylogeny},
  author = {Bilderbeek, Richel J.C. and Laudanno, Giovanni},
  year = {2019},
  url = {https://github.com/richelbilderbeek/pirouette},
}

@Article{bilderbeek2019pirouette,
  title = {Quantifying the importance of a tree prior in Bayesian phylogenetics},
  author = {Bilderbeek, Richel J. C. and Laudanno, Giovanni and Etienne, Rampal S },
  year = {2019},
  url = {https://github.com/richelbilderbeek/pirouette},
}

@article{rabosky2008explosive,
  title={Explosive evolutionary radiations: decreasing speciation or increasing extinction through time?},
  author={Rabosky, Daniel L and Lovette, Irby J},
  journal={Evolution},
  volume={62},
  number={8},
  pages={1866--1875},
  year={2008},
  publisher={Wiley Online Library}
}

@article{rannala1996,
  title={Probability distribution of molecular evolutionary trees: a new method of phylogenetic inference},
  author={Rannala, Bruce and Yang, Ziheng},
  journal={Journal of molecular evolution},
  volume={43},
  number={3},
  pages={304--311},
  year={1996},
  publisher={Springer}
}

@Article{phytools,
  title = {phytools: An R package for phylogenetic comparative
    biology (and other things).},
  author = {Liam J. Revell},
  journal = {Methods in Ecology and Evolution},
  year = {2012},
  volume = {3},
  pages = {217-223},
}

@article{rosindell2010protracted,
  title={Protracted speciation revitalizes the neutral theory of biodiversity},
  author={Rosindell, James and Cornell, Stephen J and Hubbell, Stephen P and Etienne, Rampal S},
  journal={Ecology Letters},
  volume={13},
  number={6},
  pages={716--727},
  year={2010},
  publisher={Wiley Online Library}
}

@article{schluter2001ecology,
  title={Ecology and the origin of species},
  author={Schluter, Dolph},
  journal={Trends in ecology \& evolution},
  volume={16},
  number={7},
  pages={372--380},
  year={2001},
  publisher={Elsevier}
}

@article{schluter2009,
  title={Evidence for ecological speciation and its alternative},
  author={Schluter, Dolph},
  journal={Science},
  volume={323},
  number={5915},
  pages={737--741},
  year={2009},
  publisher={American Association for the Advancement of Science}
}

@article{simonet_et_al_2018,
  title={Robustness of the approximate likelihood of the protracted speciation model},
  author={Simonet, C and Scherrer, R and Rego-Costa, A and Etienne, RS},
  journal={Journal of evolutionary biology},
  volume={31},
  number={3},
  pages={469--479},
  year={2018},
  publisher={Wiley Online Library}
}

@article{suchard2006bali,
  title={BAli-Phy: simultaneous Bayesian inference of alignment and phylogeny},
  author={Suchard, Marc A and Redelings, Benjamin D},
  journal={Bioinformatics},
  volume={22},
  number={16},
  pages={2047--2048},
  year={2006},
  publisher={Oxford University Press}
}

@article{suzuki_et_al_2002,
  title={Overcredibility of molecular phylogenies obtained by Bayesian phylogenetics},
  author={Suzuki, Yoshiyuki and Glazko, Galina V and Nei, Masatoshi},
  journal={Proceedings of the National Academy of Sciences},
  volume={99},
  number={25},
  pages={16138--16143},
  year={2002},
  publisher={National Acad Sciences}
}

@Article{Valente2015,
  author    = {Luis M. Valente and Albert B. Phillimore and Rampal S. Etienne},
  title     = {Equilibrium and non-equilibrium dynamics simultaneously operate in the Gal{\'{a}}pagos islands},
  journal   = {Ecology Letters},
  year      = {2015},
  volume    = {18},
  number    = {8},
  pages     = {844--852},
  month     = {jun},
  doi       = {10.1111/ele.12461},
  editor    = {Luke Harmon},
  owner     = {P274829},
  publisher = {Wiley-Blackwell},
  timestamp = {2018.02.01},
}

@article{yang_and_ranalla_2005,
  title={Branch-length prior influences Bayesian posterior probability of phylogeny},
  author={Yang, Ziheng and Rannala, Bruce},
  journal={Systematic Biology},
  volume={54},
  number={3},
  pages={455--470},
  year={2005},
  publisher={Society of Systematic Zoology}
}

@article{yule1925mathematical,
  title={A mathematical theory of evolution, based on the conclusions of Dr. JC Willis, FRS},
  author={Yule, G Udny},
  journal={Philosophical transactions of the Royal Society of London. Series B, containing papers of a biological character},
  volume={213},
  pages={21--87},
  year={1925},
  publisher={JSTOR}
}

@Article{rpackage1,
  title = {Nine exceptional radiations plus high turnover explain species diversity in jawed vertebrates},
  author = {ME Alfaro and F Santini and C Brock and H Alamillo and A Dornburg and DL Rabosky and G Carnevale and LJ Harmon},
  journal = {Proceedings of the National Academy of Sciences of the United States of America},
  year = {2009},
  volume = {106},
  pages = {13410-13414},
}

@Article{rpackage2,
  title = {A novel comparative method for identifying shifts in the rate of character evolution on trees},
  author = {JM Eastman and ME Alfaro and P Joyce and AL Hipp and LJ Harmon},
  journal = {Evolution},
  year = {2011},
  volume = {65},
  pages = {3578-3589},
}

@Article{rpackage3,
  title = {Fitting models of continuous trait evolution to incompletely sampled comparative data using approximate Bayesian computation},
  author = {GJ Slater and LJ Harmon and D Wegmann and P Joyce and LJ Revell and ME Alfaro},
  journal = {Evolution},
  year = {2012},
  volume = {66},
  pages = {752-762},
}

@inproceedings{del1995correlation,
  title={On the correlation between code coverage and software reliability},
  author={Del Frate, Fabio and Garg, Praerit and Mathur, Aditya P and Pasquini, Alberto},
  booktitle={Software Reliability Engineering, 1995. Proceedings., Sixth International Symposium on},
  pages={124--132},
  year={1995},
  organization={IEEE}
}

@book{avise2000phylogeography,
  title={Phylogeography: the history and formation of species},
  author={Avise, John C},
  year={2000},
  publisher={Harvard university press}
}

@Book{ggplot2,
  author = {Hadley Wickham},
  title = {ggplot2: elegant graphics for data analysis},
  publisher = {Springer New York},
  year = {2009},
  isbn = {978-0-387-98140-6},
  url = {http://had.co.nz/ggplot2/book},
}

@book{beastbook,
  title={Bayesian evolutionary analysis with BEAST},
  author={Drummond, Alexei J and Bouckaert, Remco R},
  year={2015},
  publisher={Cambridge University Press}
}

@Manual{r,
  title = {R: A Language and Environment for Statistical Computing},
  author = {{R Core Team}},
  organization = {R Foundation for Statistical Computing},
  address = {Vienna, Austria},
  year = {2013},
  url = {http://www.R-project.org/},
}

@Manual{nltt,
  title = {nLTT: Calculate the NLTT Statistic},
  author = {Thijs Janzen},
  year = {2015},
  note = {R package version 1.1},
  url = {http://CRAN.R-project.org/package=nLTT},
}

@Manual{travis,
  title = {Travis CI},
  url = {https://travis-ci.org/},
}

@Manual{testit,
  title = {testit: A Simple Package for Testing R Packages},
  author = {Yihui Xie},
  year = {2014},
  note = {R package version 0.4},
  url = {http://CRAN.R-project.org/package=testit},
}

@Manual{RBeast,
  title = {RBeast: Create BEAST and BEAST2 input files and parse their output},
  author = {N Faria and MA Suchard},
  url = {https://github.com/beast-dev/RBeast},
}

@Manual{covr,
  title = {covr: Test Coverage for Packages},
  author = {Hester, Jim and Ligtenberg, Willem},
  year = {2016},
  note = {R package version 2.1.0.9000},
  url = {http://CRAN.R-project.org/package=covr},
}

@Manual{devtools,
  title = {devtools: Tools to Make Developing R Packages Easier},
  author = {Wickham, Hadley and Chang, Winston},
  year = {2016},
  note = {R package version 1.12.0.9000},
  url = {http://CRAN.R-project.org/package=devtools},
}

@Manual{lintr,
  title = {lintr: Static R Code Analysis},
  author = {Hester, Jim},
  year = {2016},
  note = {R package version 1.0.0},
  url = {http://CRAN.R-project.org/package=lintr},
}

@Manual{github,
  title = {GitHub},
  url = {https://github.com/},
}

@Manual{goodpractice,
  title = {goodpractice: Advice on R Package Building},
  author = {Csardi, Gabor},
  year = {2016},
  note = {R package version 1.0.0},
  url = {https://github.com/MangoTheCat/goodpractice},
}

@article{verheyen1996mitochondrial,
  title={Mitochondrial phylogeography of rock-dwelling cichlid fishes reveals evolutionary influence of historical lake level fluctuations of Lake Tanganyika, Africa},
  author={Verheyen, Erik and R{\"u}ber, Lukas and Snoeks, Jos and Meyer, Axel},
  journal={Philosophical Transactions of the Royal Society of London. Series B: Biological Sciences},
  volume={351},
  number={1341},
  pages={797--805},
  year={1996},
  publisher={The Royal Society London}
}

@article{sturmbauer2001lake,
  title={Lake level fluctuations synchronize genetic divergences of cichlid fishes in African lakes},
  author={Sturmbauer, Christian and Baric, Sanja and Salzburger, Walter and R{\"u}ber, Lukas and Verheyen, Erik},
  journal={Molecular Biology and Evolution},
  volume={18},
  number={2},
  pages={144--154},
  year={2001},
  publisher={Oxford University Press}
}